<record><leader>00000cas a22000007a 4500</leader><controlfield tag="001">9320421</controlfield><controlfield tag="008">830318d1846184umauwr ne      0    0eng d</controlfield><controlfield tag="009">3768</controlfield><datafield ind1=" " ind2=" " tag="010"><subfield code="a">sn 83020296 </subfield></datafield><datafield ind1=" " ind2=" " tag="040"><subfield code="a">NPX</subfield><subfield code="b">eng</subfield><subfield code="c">NPX</subfield><subfield code="d">OCL</subfield><subfield code="d">MGN</subfield></datafield><datafield ind1=" " ind2=" " tag="042"><subfield code="a">msc</subfield></datafield><datafield ind1=" " ind2=" " tag="043"><subfield code="a">n-us-ma</subfield></datafield><datafield ind1="0" ind2="0" tag="245"><subfield code="a">Lynn forum.</subfield></datafield><datafield ind1=" " ind2=" " tag="260"><subfield code="a">Lynn, Mass. :</subfield><subfield code="b">J.L. Alger,</subfield></datafield><datafield ind1=" " ind2=" " tag="300"><subfield code="a">v. ;</subfield><subfield code="c">44 cm.</subfield></datafield><datafield ind1=" " ind2=" " tag="310"><subfield code="a">Weekly</subfield></datafield><datafield ind1="0" ind2=" " tag="362"><subfield code="a">Vol. 1, no. 1 (June 23, 1846)-</subfield></datafield><datafield ind1=" " ind2=" " tag="500"><subfield code="a">Publisher: T.J. Bowler, &lt;1848&gt;.</subfield></datafield><datafield ind1=" " ind2=" " tag="500"><subfield code="a">Printer: J.B. Tolman, &lt;1847&gt;.</subfield></datafield><datafield ind1=" " ind2=" " tag="752"><subfield code="a">United States</subfield><subfield code="b">Massachusetts</subfield><subfield code="c">Essex</subfield><subfield code="d">Lynn.</subfield></datafield></record>